@article{android-docs,
  title = {Media Playback Using MediaPlayer},
  author = {{Android Developers}},
  journal = {Android Developer Documentation},
  year = {2025},
  url = {https://developer.android.com/guide/topics/media/mediaplayer}
}

@article{kotlin-official,
  title = {Android Development with Kotlin},
  author = {{Kotlin Documentation}},
  journal = {Kotlin Official Site},
  year = {2025},
  url = {https://kotlinlang.org/docs/android-overview.html}
}

@article{android-audio,
  title = {AudioManager API},
  author = {{Android Developers}},
  journal = {Android Developer Documentation},
  year = {2025},
  url = {https://developer.android.com/reference/android/media/AudioManager}
}

@article{android-permissions,
  title = {Handling Permissions in Android},
  author = {{Android Developers}},
  journal = {Android Developer Documentation},
  year = {2025},
  url = {https://developer.android.com/training/permissions/requesting}
}

@book{latex-guide,
  title = {Основы верстки документов в системе \LaTeX},
  author = {Григорьев, С. В.},
  publisher = {Инфра-М},
  year = {2023}
}

@article{android-ux,
  title = {Material Design Guidelines},
  author = {{Material Design}},
  journal = {Material Design Documentation},
  year = {2025},
  url = {https://material.io/design}
}

@article{habrpgfplots,
  title = {Построение графиков в LaTeX/PGFPlots},
  author = {},
  journal = {Habr},
  year = {2015},
  url = {https://habr.com/ru/articles/250997/}
}
